@article{holloway2016toward,
  title={Toward long-distance subdiffraction imaging using coherent camera arrays},
  author={Holloway, Jason and Asif, M Salman and Sharma, Manoj Kumar and Matsuda, Nathan and Horstmeyer, Roarke and Cossairt, Oliver and Veeraraghavan, Ashok},
  journal={IEEE Transactions on Computational Imaging},
  volume={2},
  number={3},
  pages={251--265},
  year={2016},
  publisher={IEEE}
}

@article{jagatap2017phase,
	title={Phase Retrieval Using Structured Sparsity: A Sample Efficient Algorithmic Framework},
	author={Jagatap, Gauri and Hegde, Chinmay},
	journal={arXiv preprint arXiv:1705.06412},
	year={2017}
}